%Pour author, les noms et prénoms sont séparés par une vigule, et les différents auteurs par AND
\begin{filecontents}{references.bib}
@IEEEtranBSTCTL{IEEEexample:BSTcontrol,
CTLuse_article_number = "yes",
CTLuse_paper = "yes",
CTLuse_url = "yes",
CTLuse_forced_etal = "yes",
CTLmax_names_forced_etal = "5",
CTLnames_show_etal = "3",
CTLuse_alt_spacing = "yes",
CTLalt_stretch_factor = "4",
CTLdash_repeated_names = "no",
CTLname_format_string = "{f.˜}{vv˜}{ll}{, jj}",
CTLname_latex_cmd = "",
CTLname_url_prefix = "[Online]. Available:"
}
%----------------------------------------------------------------------------------------------------------------------------------
@book {ICRU,
  title = {International Commission on Radiation Units and Measurements, Dose and volume specification for reporting intracavitary therapy in gynecology},
  author = {ICRU},
  publisher = {ICRU Report 38},
  year = {1985},
}
@book {Podgorsak,
  title = {Radiation Oncology Physics: A Handbook for Teachers and Students},
  author = {E.& B. Podgorsak},
  publisher = {International {A}tomic {E}nergy {A}gency, Vienna},
  year = {2005},
}
@article {Lisbona,
  title = {Assurance de la qualité en radiothérapie},
  author = {A. Lisbona and P. François and M. Tomsej},
	journal={Bulletin du Cancer },
	volume={97},
    number={7},
	year={2010},
  pages = {867-872},
	}
@article {Holm2002, 
  title = {Transperineal 125 iodine seed implantation in prostatic cancer guided by transrectal ultrasonography},
  journal = {The Journal of Urology},
  author = {H.& H. Holm and N. Juul and  J.& F. Pedersen and others}, 
  publisher = {Elsevier Inc.},
  year = {2002},
  volume = {167},
  number = {2},
  pages = {985-988},
} 
@article {Stromberg,
  title = {Ultrasound-guided high dose rate conformal brachytherapy boost in prostate cancer: Treatment description and preliminary results of a phase {I$/$II} clinical trial},
  author = {J Stromberg and A Martinez and J Gonzalez and others},
	journal={Int. J. Radiat. Oncol. Biol. Phys.},
	volume={33},
	number={1},
	year={1995},
  pages = {161-171},
	}
@article {Mate,
  title = {High dose-rate afterloading 192 Iridium prostate brachytherapy: Feasibility report},
  author = {T.& P. Mate and J.& E. Gottesman and J. Hatton and others},
	journal={Int. J. Radiat. Oncol. Biol. Phys.},
	volume={41},
	number={1},
	year={1998},
  pages = {525-533},
	}
@article {Borghede,
  title = {Irradiation of localized prostatic carcinoma with a combination of high dose rate iridium $-$192 brachytherapy and external beam radiotherapy with three target definitions and dose levels inside the prostate gland},
  author = {G. Borghede and H. Hedelin and S. Holmang and others},
	journal={Radiother Oncol},
	volume={44},
	number={3},
	year={1997},
  pages = {245-250},
	}
	@article {Hoskin,
  title = {High dose rate brachytherapy boost treatment in radical radiotherapy for prostate cancer},
  author = {P.& J. Hoskin},
	journal={Radiother Oncol},
	volume={57},
	number={3},
	year={2000},
  pages = {285-288},
	}
	@article {Demanes,
  title = {High dose rate prostate brachytherapy: The California endocurietherapy {(CET)} method},
  author = {D.& J. Demanes and R.& R. Rodriguez and G.& A. Altieri},
	journal={Radiother Oncol},
	volume={57},
	number={3},
	year={2000},
  pages = {289-296},
	}
	@article {Blasko,
  title = {Transperineal percutaneous iodine-125 implantation for prostatic carcinoma using transrectal ultrasound and template guidance},
  author = {J.& C Blasko and H. Radge and D. Schumacher},
	journal={Hypertherm Oncol},
	volume={3},
	year={1987},
  pages = {131-139},
	}
  @book {Ezzel,
  title = {Clinical implementation of dwell time optimization techniques for single stepping source remote afterloaders. 		{In: Williamson JF, Thomadsen BT, Nath R}},
  author = {G.& A. Ezzel and R.& W. Luthman},
  publisher = {Brachytherapy physics. Madison, WI: Medical Physics Publishing},
  year = {1995},
  pages = {617-640},
}
@book {Thomadsen,
  title = {{Treatment planning and optimization. In: High Dose Rate (HDR) Brachytherapy: A Textbook. S. Nag (eds.).}},
  author = {B.& R. Thomadsen and P.& V.  Houdek and G. Edmundson and others},
  publisher = {Futura Publishing Company, Amonk, NY},
  year = {1994},
  pages = {79-145},
}
@book {Edmundson1,
  title = {Volume optimization: An American viewpoint. In: Brachytherapy from radium to optimization.},
  author = {G.& K. Edmundson},
  publisher = {R. F. Mould, J. Battermann, A. A. Martinez, and B. L. Speiser (eds.).  Nucletron International BV, Veenendaal, The
Netherlands},
  year = {1994},
  pages = {314-318},
}
@book {Edmundson2,
  title = {Geometry based optimization for stepping source implants. In: Brachytherapy HDR and LDR.},
  author = {G.& K. Edmundson},
  publisher = {A. A. Martinez, C. G. Orton and R. F. Mould (eds.). Nucletron Corp.,  Columbia},
  year = {1990},
  pages = {184-192},
}
@article{LessardE,
  author = {E. Lessard and J. Pouliot},
  title = {Inverse planning anatomy-based dose optimization for {HDR} brachytherapy of the prostate using fast simulated annealing algorithm and dedicated objective function},
	journal={Med. Phys.},
	volume={28},
	number={5},
	year={2001},
  pages = {773-779},
}
@article{LessardP,
  author = {E. Lessard and I. {Chow Joe Hsu} and J. Pouliot},
  title = {Inverse planning for interstitial gynecological template brachytherapy: Truly anatomy based planning},
	journal={Int. J. Radiat. Oncol. Biol. Phys.},
	volume={54},
	number={5},
	year={2002},
  pages = {1243-1250},
}
@article{Lessard2004,
  author = {E. Lessard},
  title = {Development and clinical introduction of an inverse planning dose optimization by simulated annealing IPSA  for high dose rate brachytherapy},
	journal={Med. Phys.},
	volume={31},
	number={10},
	year={2004},
  pages = {2935},
}
@manual{RTOG,
title={{Protocol information. Androgen deprivation therapy and high dose radiotherapy with or without whole pelvic radiotherapy in unfavourable intermediate or favourable high risk prostate cancer: A Phase III randomised trial}},
organization={Radiation Therapy Oncology Group. RTOG 0924},
year={2016},
}
@manual{ABS,
author={I. {Chow Joe Hsu} and Yoshiya Yamada and Eric Vigneault and others},
title={Prostate High-Dose Rate Task Group},
organization={American Brachytherapy Society},
year={2008},
}
@article {Dennis,
  title = {Formulation and estimation of stochastic frontier production function models},
  author = {A. Dennis and C.& A. Knox and S. Peter},
	journal={Journal of Econometrics},
	volume={6},
	number={1},
	year={1977},
  pages = {21-37},
	}
  @article {Lawrence,
  title = {Use of normal tissue complication probability models in the clinic},
  author = {B.& M. Lawrence and D.& Y Ellen and  J. Andrew and others},
	journal={Int. J. Radiat. Oncol. Biol. Phys.},
	volume={76},
	number={3},
	year={2010},
  pages = {S10-S19},
	}
@article {LachanceB,
  title = {Early clinical experience with anatomy-based inverse planning dose optimization for high-dose-rate boost of the prostate},
  author = {B. Lachance and D. B\'eliveau-Nadeau and E. Lessard and others},
	journal={Int. J. Radiat. Oncol. Biol. Phys.},
	volume={54},
	number={1},
	year={2002},
  pages = {86-100},
	}
@article {KevinLM,
  title = {Experience-based quality control of clinical intensity-modulated radiotherapy planning},
  author = {L.& M. Kevin and R. {Scott Brame} and A.& L. Daniel and others},
	journal={Int. J. Radiat. Oncol. Biol. Phys.},
	volume={81},
	number={2},
	year={2011},
  pages = {545-551},
	}
@article {MargieAH,
  title = {Geometric factors influencing dosimetric sparing of the parotid glands using IMRT},
  author = {A.&H. Margie and J. Andrew and N. Ashwatha and others},
	journal={Int. J. Radiat. Oncol. Biol. Phys.},
	volume={66},
	number={1},
	year={2006},
  pages = {296-304},
	}
@phdthesis{Marie-Chantal,
   title    = {\'Elaboration de m\'etriques bas\'ees sur la g\'eom\'etrie pour la planification de traitements en radioth\'erapie par modulation d'intensit\'e \`a l'aide de l'analyse de fronti\`eres stochastiques},
   school = {Universit\'e Laval, Qu\'ebec},
   author = {M.& C.and Gagn\'e},
	type  = {M\'emoire de maitrise} ,
   year = {2014}, 
}
@manual{OMS,
title={Cancer: Aide-mémoire N°297},
organization={Organisation mondiale de la Santé},
 url={http://www.who.int/mediacentre/factsheets/fs297/fr/.},
 note={(consulté le 28-août-2017)},
year={2017},
}
@report{GLOBOCAN,
author = {J. Ferlay and I. Soerjomataram and M. Ervik and others},
title = {GLOBOCAN 2012 v1.0, Cancer Incidence and Mortality Worldwide: {IARC CancerBase}: No. 11 {L}yon, {F}rance: International {A}gency for {R}esearch on {C}ancer},
year = {2013},
}
@article {Torre,
  title = {Global Cancer Statistics, 2012},
  author = {L.& A Torre and F. Bray and R.& L. Siegel and others},
	journal={CA: A Cancer Journal for Clinicians},
	volume={65},
	number={2},
	year={2015},
  pages = {87-108},
	}
@manual{StatCanada,
 title={Comité consultatif de la {S}ociété canadienne du cancer : {S}tatistiques canadiennes sur le cancer. Toronto, ON : Société canadienne du cancer},
 url={cancer.ca/Canadian-Cancer-Statistics-2017-FR.pdf.},
 note={consulté le 28-août-2017},
 year={2017},
 }
 @misc{ImageProstate,
  howpublished = {\url{https://www.google.ca/search?q=la+prostate+anatomie&source=lnms&tbm=isch&sa=X&		  ved=0ahUKEwjb6MLnP3VAhUk1oMKHVIpBOYQ_AUICigB&biw=1366&bih=559#imgrc=C1mLA_qTz3O0uM:}},
  note = {Consulté le 30-08-2017}
}
@book {Sobin,
author = {L.& H Sobin and M.& K. Gospodariwicz and {C&h}. Wittekind},
title = {TNM classification of malignant tumors. UICC International Union Against Cancer},
edition = {7th Edition},
publisher={Wiley-Blackwell},
year={2009},
pages = {243-248},
}
@article {Chen,
  title = {The evolving Gleason grading system},
  author = {N. Chen and Q. Zhou},
	journal={Chin J Cancer Res.},
	volume={28},
	number={1},
	year={2016},
  pages = {58-64},
}

@article {Salomon,
  title = {Recommandations en {O}nco-{U}rologie 2010 : {C}ancer de la prostate },
  author = {L. Salomon and D. Azria and C. Bastide and others},
	journal={Progrès en {U}rologie},	
volume={20},
	number={Suppl.4},
	year={2010},
  pages = {S217-S252},
}
@article {Sarkar,
  title = {{A Review of Imaging Methods for Prostate Cancer Detection}},
  author = {S. Sarkar and S. Das},
	journal={{Biomedical Engineering and Computational Biology}},	
volume={7},
	number={S1},
	year={2016},
  pages = {1-15},
}
@article {Taneja,
  title = {{Imaging in the Diagnosis and Management of Prostate Cancer}},
  author = {{Samir & S.} Taneja},
	journal = {{Rev Urol.}},	
volume = {6},
	number = {3},
	year = {2004},
  pages = {101-113},
}
@article {Dubinsky,
  title = {High-intensity focused ultrasound: current potential and oncologic applications},
  author = {T.&J Dubinsky and C. Cuevas and M.& K. Dighe and others},
	journal = {{American Journal of Roentgenology}},	
volume = {190},
	number = {1},
	year = {2008},
  pages = {191-199},
}
@article {Kirkham,
  title = {{MR imaging of prostate after treatment with high-intensity focused ultrasound}},
  author = {A.& P.  Kirkham and M. Emberton and I.& M Hoh and others},
	journal = {Radiology},	
volume = {246},
	number = {3},
	year = {2008},
  pages = {833-844},
}
@book{Bushberg,
author={J.& T. Bushberg and J. {Anthony Seibert} and E.& M. Leidholdt and others},
title={Essential Physics of Medical Imaging; 3rd edition},
publisher={LIPPINCOTT WILLIAMS \& WILKINS},
address = {Philadelphia, PA 19103 USA},
year={2012},
}
@phdthesis {EPoulin,
author={E. Poulin},
title={Conception et validation d’un système pour la planification et le guidage en temps réel des traitements de curiethérapie à haut débit de dose du sein},
school = {Université Laval},
address = {Québec, Canada},
year = {2015},
}
@article {Horwitz,
  title = {Ten-year follow-up of radiation therapy oncology group protocol 92-02: a phase {III} trial of the duration of elective androgen deprivation in locally advanced prostate cancer},
  author = {E.& M. Horwitz and K. Bae and G.& E. Hanks and others},
	journal = {J Clin Oncol},	
volume = {26},
	number = {15},
	year = {2008},
  pages = {2497-504},
}
@article {Grover,
  title = {{Magnetic Resonance Imaging: Principles and Techniques: Lessons for Clinicians}},
  author = {V. Grover and J.& M. Tognarelli and M.  Crossey and others},
	journal = {J Clin Exp Hepatol},	
volume = {5},
	number = {3},
	year = {2015},
  pages = {246-255},
}
@article {HENDEE,
  title = {{Magnetic Resonance Imaging Part I-Physical Principles}},
  author = {W.& R. Hendee and C.& J. Morgan},
	journal = {West J Med},	
volume = {141},
	number = {4},
	year = {1984},
  pages = {491-500},
}
@book{Thomadsen1,
author = {B.& R. Thomadsen and M.& J. Rivard and W.& M. Butler},
title = {{Brachytherapy Physics, 2nd Edition}},
publisher ={(Medical Physics Monograph)},
year = {2005}
}
@book{Venselaar,
author = {J.& L. Venselaar and D. Baltas and A.& S. Meigooni and others},
title = {{Comprehensive Brachytherapy: Physical and Clinical Aspects}},
publisher ={Taylor \& Francis Group, LLC},
year = {2013}
}
@book{Gerbaule,
author = {A. Gerbaulet and A. Gerbaulet and J.& J. Mazeron and others},
title = {{The GEC ESTRO Handbook of Brachytherapy}},
publisher ={Estro, Brussels},
year = {2002}
}
@book {ICRU50,
  title = {{Prescribing, Recording and Reporting Photon Beam Therapy}},
  author = {ICRU},
  publisher = {ICRU Report 50, Bethesda, MD},
  year = {1993},
}
@book {ICRU62,
  title = {{Prescribing, Recording and Reporting Photon Beam Therapy (Supplement to ICRU Report 50)}},
  author = {ICRU},
  publisher = {ICRU Report 62, Bethesda, MD},
  year = {1999},
}
@article {AAPMTG-43,
title = {{Dosimetry of interstitial brachytherapy sources: Recommendations of the AAPM Radiation Terapy Committee Task Group No. 43. American Association of Physicists in Medicine}},
author = {R. Nath and Anderson and L.& L. Anderson and G. Luxton and others},
journal = {Med. Phys.},	
volume = {22},
number = {2},
year = {1995},
 pages = {209-234},
}
@article {AAPMTG-43R1,
title = {{Update of AAPM Task Group No. 43 Report: A revised AAPM protocol for brachytherapy dose calculations}},
author = {M.& J. Rivard and B.& M. Coursey and L.& A. DeWerd and others},
journal = {Med. Phys.},	
volume = {31},
number = {3},
year = {2004},
pages = {633-674},
}
@article {AAPMTG-43R2,
title = {{Supplement to the 2004 update of the AAPM Task Group No. 43 Report}},
author = {M.& J. Rivard and W.& M. Butler and L.& A. DeWerd and others},
journal = {Med. Phys.},	
volume = {34},
number = {6},
year = {2007},
pages = {2187-2205},
}
@phdthesis {ELessard,
author={E. Lessard },
title={ Conception et intégration clinique d'un algorithme d'optimisation par recuit simulé pour les traitements de cancers par curiethérapie de haut débit de dose },
school = {Université Laval},
address = {Québec, Canada},
year = {2004},
}
@article{Karabis,
author = {A. Karabis and S. Giannouli and D. Baltas},
title = {{HIPO: A hybrid inverse treatment planning optimization algorithm in HDR brachytherapy}},
journal= {Radiother. Oncol.},
volume={76, Supplement 2},
year={2005},
pages = {S29},
}
@article{Pokharel,
author = {S. Pokharel and S. Rana and J. Blikenstaff and others},
title = {{Evaluation of hybrid inverse planning and optimization (HIPO) algorithm for optimization in real-time, high-dose-rate (HDR) brachytherapy for prostate}},
journal= {J. Appl. Clin. Med. Phys},
volume={14},
number={4},
year={2013},
pages = {96-107},
}
@book{Baltas,
author = {D. Baltas},
title ={{A handbook for the optimization and optimization tools in SWIFT Version 3.0 (Oncentra Prostate)}},
publisher = {{in SWIFT Oncentra Prostate Users Meet}},
address={{Starkenburgring 66, 63069 Offenbach am Main Germany }},
year = {2007}
}
@article{Okunieff,
author = {P. Okunieff and D. Morgan and A. Niemierko and {H. D.} Suit},
title = {Radiation dose-response of human tumors},
journal= {Int. J. Radiat. Oncol. Biol. Phys.},
volume={32},
number={4},
year={1995},
pages={1227-1237},
}
@article{Lyman,
author = {{J.T.} Lyman},
title = {{Complication Probability as Assessed from Dose-Volume Histograms}},
journal= {Radiat. Res.},
volume={104},
number={2},
year={1995},
pages={S13 - S19},
}
@article{Niemierko,
author = {A. Niemierko and M. Goitein},
title = { Calculation of normal tissue complication probability and dose-volume histogram reduction schemes for tissues with a critical element architecture},
journal= {Radiother. Oncol},
volume={20},
number={3},
year={1991},
pages={ 166-176},
}
@article{Emami,
author = {B. Emami and J. Lyman and A. Brown},
title = {Tolerance of normal tissue to therapeutic irradiation},
journal= { Int. J. Radiat. Oncol. Biol. Phys.},
volume={21},
number={1},
year={1991},
pages={109-122},
}
@article{Fiorino,
author = {C. Fiorino and C. Cozzarini and {G.L.} Ceresoli and others},
title = {Significant correlation between rectal {DVH} and late bleeding in patients treated after radical prostatectomy with conformal or conventional radiotherapy (66.6-70.2 {Gy})},
journal= { Int. J. Radiat. Oncol. Biol. Phys.},
volume={54},
number={2},
year={2002},
pages={267-267},
}
@article{Rodrigues,
author = {G. Rodrigues and M. Lock and D. {D’Souza} and others},
title = {Prediction of radiation pneumonitis by dose - volume histogram parameters in lung cancer-a systematic review},
journal= {Radiother Oncol.},
volume={71},
number={2},
year={2004},
pages={127-138},
}
@article{Taussky,
author = {D. Taussky and U. Schneider and V. Rousson and others},
title = {Patient-reported toxicity correlated to dose-volume histograms of the rectum in radiotherapy of the prostate},
journal= {Am J Clin Oncol.},
volume={26},
number={5},
year={2003},
pages={144-149},
}
@article{Geinitz,
author = {H. Geinitz and {F.B.} Zimmermann and P. Stoll and others},
title = {Value of Dose-Volume Histograms in Estimating Rectal Bleeding after Conformal Radiotherapy for Prostate Cancer},
journal= { Front Radiat Ther Oncol.},
volume={34},
year={2000},
pages={177-185},
}
@book{Baltas@2006,
author = {D. Baltas and L. Sakelliou and N. Zamboglou},
title = {{The Physics of Modern Brachytherapy for Oncology (Medical Physics $\&$ Biomedical Engineering)}},
publisher = {Taylor $\&$ Francis Group},
year = {2006}
}
@article{Alizadeh,
author = {M. Alizadeh and M. Ghorbani and A. Haghparast and others},
title = {{A Monte Carlo study on dose distribution evaluation of Flexisource $^{192}$Ir brachytherapy source} },
journal= {Reports of Practical Oncology $\&$ Radiotherapy},
volume={20},
number={3},
year={2015},
pages={204-209},
}
@article{Saw,
author = {C.& B. Saw and N. Suntharalingam and A. Wu},
title = {Concept of dose nonuniformity in interstitial brachytherapy},
journal= {Int. J. Radiat. Oncol. Biol. Phys.},
volume={26},
number={3},
year={1993},
pages = {519-27},
}
@article {Kehwar,
title = {{Qualitative Dosimetric and Radiobiological Evaluation of High-Dose-Rate Interstitial brachytherapy Implants}},
author = {T.& S. Kehwar and F.& S. Akber and K. Passi},
journal = {Int. J. Med. Sci.},	
volume = {5},
number = {1},
year = {2008},
 pages = {41-49},
}
@article {Prabhakar,
title = {Dose volume uniformity index: a simple tool for treatment plan evaluation in brachytherapy},
author = {R. Prabhakar},
journal = {J Contemp Brachyther},	
volume = {2},
number = {2},
year = {2010},
pages = {71-75},
}
@article {Anbumani,
title = {{Treatment Planning Methods in High Dose Rate Interstitial Brachytherapy of Carcinoma Cervix: A Dosimetric and Radiobiological Analysis}},
author = {S. Anbumani and P. Anchineyan and A. Narayanasamy and others},
journal = {ISRN Oncol.},	
volume = {23},
year = {2014},
pages = {1-5},
}
@book{P-value1,
author = {W. Robert and  {SpringerLink (Service en ligne) Keener}},
title ={ { Statistical theory} },
publisher = {{ New York ; London }},
year = {2010}
}
@article {p-value2,
title = {{The large-sample distribution of the likelihood ratio for testing composite hypotheses}},
author = { S.& S. Wilks },
journal = {The Anals of Mathematical Statistics },	
volume = {9},
number ={1},
year = {1938},
pages = {60–62},
}
@article {Baltas@1999,
title = {Comparison of calibration procedures for {${}^{192}$Ir HDR} brachytherapy sources},
author = {D. Baltas and K. Geramani and {G.&T.} Ioannidis and others},
journal={Int J Radiat Oncology Biol Phys},	
volume={43},
number={3},
year={1999},
pages = {653–661},
}
@article {Elfrink@2002,
title = {Quality control of brachytherapy equipment in the {Netherlands and Belgium}: current practice and minimum requirements},
author = { R. Elfrink and I. & K. {Kolkman-Deurloo }and H. {van Kleffens} and others},
journal={Radiother Oncol},	
volume={62},
number={1},
year={2002},
pages = {95-102},
}
@article {Venselaar@1995,
title = {A method to check treatment time calculation in {Ir}-192 high-dose-rate volume implants},
author ={J.  Venselaar and H. Bierhuizen and R. Klop},
journal={Med. Phys.},	
volume={22},
number={9},
year={1995},
pages = {1499-1500},
}
@article {HaieMeder@2002,
title = { Recommandations pour le contrôle de qualité en curiethérapie.},
author ={ C. {Haie-Meder}, B. Aubert and R. {de Crevoisier} and others.},
journal={Cancer/Radiother},	
volume={6},
number={ Suppl 1},
year={2002},
pages = {190s–193s},
}
@article {Nath@1997,
title = {{Code of practice for brachytherapy physics: Report of the AAPM Radiation Therapy Committee Task Group No. 56}},
author ={R. Nath and L. & L. Anderson and J. & A. Meli and others},
journal={Med. Phys.},	
volume={24},
number={10},
year={1997},
pages = {1557-1598},
}
@article {Thomadsen@1992,
title = {{High dose rate intracavitary brachytherapy for carcinoma of the cervix: The Madison system: II. Procedural and physical considerations}},
author ={B.& R. Thomadsen and S. Shahabi and J.& A. Stitt and others},
journal={ Int J Radiat Oncology Biol Phys},	
volume={24},
number={2},
year={1992},
pages = {349-357},
}
@article {Kubo@1992,
title = {{Simple mathematical formulas for quick-checking of single catheter high dose rate brachytherapy plans}},
author ={H. Kubo and R.& B. Chin},
journal={Endocurie Hypertherm. Oncol.},	
volume={8},
year={1992},
pages = {165-169},
}
@article {Saw@1998,
title = {{Independent technique of verifying high-dose rate (HDR) brachytherapy treatment plans}},
author ={C.& B. Saw and L.& J. Korb and B. Darnell and others},
journal={Int J Radiat Oncology Biol Phys},	
volume={40},
number={3},
year={1998},
pages = {747-750},
}
@article { Rupak@2006,
title = {{Quality assurance of treatment plans for interstitial and intracavitary high-dose-rate brachytherapy}},
author ={K.& D. Rupak and A.& B. Kristin and A.& N. Ian and others},
journal={ Brachytherapy},	
volume={5},
number={1},
year={2006},
pages = {56-60},
}



%--------------------------
@book{podgorsak@2005,
author = {{E. B.} Podgorsak},
title = {Review of Radiation Oncology Physics: A Handbook for Teachers and Students},
publisher = {International Atomic Energy Agency. Vienna, Austria},
year = {2005}
}
@book{khan@2014,
author="Faiz M. Khan and John P. Gibbons",
title="The Physics of Radiation Therapy; 5th edition ",
publisher="LIPPINCOTT WILLIAMS \& WILKINS",
address = "Philadelphia, PA 19103 USA",
year={2014},
}
@book{margaret@2004,
author="Margaret Bidmead and Edith Briot and Janez Burger and Ivaldo Ferreir and Erik Grusell and Christian Kirisits and Peter Kneschaurek and Maryla Malgorzata Kawczynska and Cristina Marchetti",
title="A Practical Guide to Quality Control of Brachytherapy Equipment. Physics for Clinical Radiotherapy",
publisher="ESTRO Booklet No. 8",
address = "Mounierlaan 83/12-1200 Brussels, Belgium",
year="2004",
}
@article{steggerda@1997,
author = "MJ Steggerda and LMF Moonen and EMF Damen and JV Lebesque ",
title = "An analysis of the effect of ovoid shields in a Selectron-LDR cervical applicator on dose distributions in rectum and bladder",
journal = "Int. J. Radiation Oncology Biol. Phys.",
volume = "39",
year = "1997",
pages = "237-245"
}
@book{laarse@2001,
author="Robert van der Laarse and Robert W. Luthmann",
title="Computers in brachytherapy dosimetry, Chapter 5. In: Joslin CAF, Flynn A, Hall EJ, eds. Principles and practice of brachytherapy using afterloading systems",
publisher="Arnold",
address = "338 Euston Road, London NW1 3BH",
year="2001",
}
@article{lessard@2001,
author = "E Lessard and J Pouliot",
title = "Inverse planning anatomy-based dose optimization for {HDR} brachytherapy of the prostate using fast simulated annealing algorithm and dedicated objective function",
journal="Med. Phys.",
volume="28",
number={5},
year="2001",
pages = "773-779",
}
@article{lessard@2002,
author = {E Lessard and ICJ Hsu and J Pouliot},
title = {Inverse planning for interstitial gynecological template brachytherapy: Truly anatomy based planning},
journal={Int. J. Radiat. Oncol. Biol. Phys.},
volume={54},
number={5},
year={2002},
pages = {1243-1250},
}
@article{lessard@2004,
author = {E Lessard},
title = {Development and clinical introduction of an inverse planning dose optimization by simulated annealing {IPSA}  for high dose rate brachytherapy},
journal={Med. Phys.},
volume={31},
number={10},
year={2004},
pages={2935},
}
@manual{rotg@2016,
title="Protocol information. Androgen deprivation therapy and high dose radiotherapy with or without whole pelvic radiotherapy in unfavourable intermediate or favourable high risk prostate cancer: A Phase III randomised trial",
organization="Radiation Therapy Oncology Group. RTOG 0924",
year="2016",
}
@manual{ABrachy@2008,
author={I Chow Hsu and Yoshiya Yamada and Eric Vigneault and others},
title={Prostate High-Dose Rate Task Group},
organization={American Brachytherapy Society},
year={2008},
}
@article{aigner@2004,
author = {D. Aigner and C.& A. {Knox Lovell} and P. Schmidt},
title = {Formulation and estimation of stochastic frontier production function models},
journal={Journal of Econometrics},
volume={6},
number={1},
year={1977},
pages={21-37},
}
@article{meeusen@2004,
author = {W. Meeusen and J. {van den Broeck}},
title = {Efficiency Estimation from Cobb-Douglas Production Functions with Composed Error},
journal={International Economic Review},
volume={18},
number={2},
year={1977},
pages={435-444},
}
@article{james@2004,
author = {James Jondrow and C.A. Knox Lovell and Ivan S. Materov and Peter Schmidt},
title = {On the estimation of technical inefficiency in the stochastic frontier production function model},
journal={Journal of Econometrics},
volume={19},
number={2-3},
year={1982},
pages={233-238},
}
@article{cobb@2004,
author = {C.& W. Cobb and P.& H. Douglas},
title = {{A Theory of Production}},
journal={The American Economic Review},
volume={18},
number={1},
year={1928},
pages={139-165},
}
@article{sclicer@2012,
author = {A. Fedorov and R. Beichel and J. Kalpathy-Cramer and J. Finet and J-C. Fillion-Robin and S. Pujol and C. Bauer and D. Jennings and F. Fennessy and M. Sonka and J. Buatti and S.R. Aylward and J.V. Miller and Pieper and R. Kikinis},
title = {3{D} Slicer as an Image Computing Platform for the Quantitative Imaging Network},
journal={Magnetic Resonance Imaging},
volume={30},
number={9},
year={2012},
pages={1323-1341},
} 
@article{GenSA@2012,
author = {Yang Xiang and Sylvain Gubian and Brian Suomela and Julia Hoeng},
title = {Generalized {S}imulated {A}nnealing for {G}lobal {O}ptimization: The {G}en{SA} {P}ackage},
journal={The R Journal},
volume={6},
number={1},
year={2013},
pages={13-28},
} 
@article {Aldrich@1997,
title = {{R. A. Fisher and the Making of Maximum Likelihood 1912-1922}},
author = {J. Aldrich},
journal={Statistical Science},	
volume={12},
number={3},
year={1997},
pages = {162-176},
}
@article {Stigler@2007,
title = {{The Epic Story of Maximum Likelihood}},
author = { S.& M. Stigler},
journal={Statistical Science},	
volume={22},
number={4},
year={2007},
pages = {598-620},
}
@Manual{R@2013,
title = {R: A Language and Environment for Statistical Computing},
author = {{R Core Team}},
organization = {R Foundation for Statistical Computing},
address = {Vienna, Austria},
year = {2013},
url = {http://www.R-project.org/},
}
 @Manual{R@2017,
 title = {R: A Language and Environment for Statistical Computing},
 author = {{R Development Core Team}},
 organization = {R Foundation for Statistical Computing},
 address = {Vienna, Austria},
 year = {2017},
 note = {{ISBN} 3-900051-07-0},
 url = {http://www.R-project.org},
  }
@article{Stevenson@1980,
author = {Rodney E. Stevenson},
title = {Likelihood {F}unctions for {G}eneralized {S}tochastic {F}rontier {E}stimation},
journal={Journal of Econometrics},
volume={13},
number={1},
year={1980},
pages={57-66},
}
@article{Greene@1990,
author = {William H. Greene},
title = {A Gamma-distributed stochastic frontier model},
journal={Journal of Econometrics},
volume={46},
number={1-2},
year={1990},
pages={141-163},
}
%----------------------------------------------------------------------------------------------------------------------------------
@book {Khan,
  author = "Khan, Faiz M and Gibbons, John P",
  title = "The physics of radiation therapy",
  edition = "5$^{th}$ edition",
	publisher={Elsevier Masson},
	year={2009}
}
  @article {Dutreix1998,
  title = {The hazy dawn of brachytherapy},
  author = {Jean Dutreix, Maurice Tubiana, Bernard Pierquin},
	journal={Radiotherapy and Oncology},
	volume={49},
    number={3},
	year={1998},
  pages = {223-232},
	}
  %
  @article {Gerbaulet199,
  title = {Quel avenir pour la curiethérapie ?},
  author = {A.P. Gerbaulet},
	journal={Cancer/Radiothérapie},
	volume={3},
    number={s1},
	year={1999},
  pages = {11-27},
	}
  \end{filecontents}